// -------------
// MY REFERENCES
// -------------

@online {Gorohovsky2014,
	author="Gorohovsky, Jura",
	title="ReSharper and Roslyn: Q\&A",
	url="https://blog.jetbrains.com/dotnet/2014/04/10/resharper-and-roslyn-qa/",
	year="2014",
	urldate="2015-12-03"
}

@online {Lippert2012,
	author="Lippert, Eric",
	title="Persistence, Facades and Roslyn's Red-Green Trees",
	url="http://blogs.msdn.com/b/ericlippert/archive/2012/06/08/persistence-facades-and-roslyn-s-red-green-trees.aspx",
	year="2012",
	urldate="2015-12-03"
}

@online {Sadov2014,
	author="Sadov, Vladimir",
	title="Roslyn's performance",
	url="https://roslyn.codeplex.com/discussions/541953",
	year="2014",
	urldate="2015-12-05"
}

@online {Todorov2013,
	author="Todorov, Tsvetomir Y.",
	title="Understanding .NET Garbage Collection",
	url="http://www.telerik.com/blogs/understanding-net-garbage-collection",
	year="2013",
	urldate="2015-12-06"
}

@online {Botelho2014,
	author="Botelho, Levi",
	title="[C\#] How does the garbage collector work?",
	url="http://www.levibotelho.com/development/how-does-the-garbage-collector-work/",
	year="2014",
	urldate="2015-12-06"
}

@online {Sedlaczek2015,
	author="Sedlaczek, Robin",
	title="Inside the .NET compiler platform – performance considerations during syntax analysis",
	url="http://robinsedlaczek.com/2015/04/29/inside-the-net-compiler-platform-performance-considerations-during-syntax-analysis-speakroslyn/",
	year="2015",
	urldate="2015-12-08"
}

@online {Warren2014,
	author="Warren, Matt",
	title="Roslyn code base – performance lessons (part 2)",
	url="http://mattwarren.org/2014/06/10/roslyn-code-base-performance-lessons-part-2/",
	year="2014",
	urldate="2015-12-16"
}

@online {Wischik2014,
	author="Wischik, Lucian",
	title="Designing C\# 7",
	url="http://www.infoq.com/presentations/design-c-sharp-7",
	year="2015",
	urldate="2015-12-19"
}

@online {Perry2013,
	author="Perry, Mike",
	title="Deterministic Builds Part One: Cyberwar and Global Compromise",
	url="https://blog.torproject.org/blog/deterministic-builds-part-one-cyberwar-and-global-compromise",
	year="2013",
	urldate="2015-12-21"
}

@online {Gocke2015,
	author="Gocke, Andy",
	title="Conversation on Gitter with Andy Gocke on Roslyn's threat models",
	url="https://gitter.im/dotnet/roslyn",
	year="2015",
	urldate="2015-12-28"
}

@online {Studencki2010,
	author="Studencki, Michal",
	title="Lexers vs parsers",
	url="http://stackoverflow.com/a/3614928/1864167",
	year="2010",
	urldate="2015-12-29"
}

@online {Ebeid2013,
	author="Ebeid, El Sayed",
	title="Overview of Microsoft Roslyn – The first compiler-as-service product",
	url="http://ebeid-soliman.blogspot.be/2013/08/overview-of-microsoft-roslyn-first.html",
	year="2013",
	urldate="2015-12-29"
}